
@book{hewitt2021,
	title = {The Soils of Aotearoa New Zealand},
	author = {Hewitt, Allan E. and Balks, Megan R. and Lowe, David J.},
	year = {2021},
	date = {2021},
	publisher = {Springer Nature Switzerland},
	series = {World Soils Book Series},
	volume = {1},
	edition = {1},
	doi = {10.1007/978-3-030-64763-6},
	url = {https://doi.org/10.1007/978-3-030-64763-6},
	note = {DOI: 10.1007/978-3-030-64763-6},
	address = {Switzerland},
	langid = {English}
}

@book{mcqueen1993,
	title = {Glossary of Soil Physical Terms},
	author = {McQueen, D. J.},
	year = {1993},
	date = {1993},
	publisher = {Manaaki Whenua - Landcare Research},
	doi = {10.7931/DL1H01},
	url = {https://doi-org.landcareresearch.idm.oclc.org/10.7931/DL1H01},
	note = {DOI: 10.7931/DL1H01
No ISBN},
	address = {Lincoln, Canterbury, New Zealand},
	langid = {English}
}
