
@article{parfitt1991,
	title = {Andisols {\textemdash} the development of a new order in {{Soil Taxonomy}}},
	author = {Parfitt, R. L. and Clayden, B.},
	year = {1991},
	month = {07},
	date = {1991-07-01},
	journal = {Geoderma},
	pages = {181--198},
	volume = {49},
	number = {3},
	doi = {10.1016/0016-7061(91)90075-5},
	url = {https://doi.org/10.1016/0016-7061(91)90075-5},
	langid = {English}
}

@book{soilsurveystaff1999,
	title = {{{Soil Taxonomy}}: A basic system of Soil Classification for Making and Interpreting Soil Surveys},
	author = {Soil Survey Staff, },
	year = {1999},
	date = {1999},
	publisher = {United States Department of Agriculture},
	series = {Agriculture Handbook},
	number = {436},
	edition = {2},
	url = {https://www.nrcs.usda.gov/resources/guides-and-instructions/soil-taxonomy},
	address = {Washington D.C., USA},
	langid = {English}
}

@techreport{wilson1987,
	title = {Classification of red and brown loams and brown granular soils},
	author = {Wilson, A. D.},
	year = {1987},
	month = {09},
	date = {1987-09},
	pages = {29},
	note = {Draft, never published},
	address = {Lower Hutt, New Zealand},
	langid = {English}
}

@book{avery1980,
	title = {Soil Classification for {{England}} and {{Wales}} (Higher Categories)},
	author = {Avery, B. W.},
	year = {1980},
	date = {1980},
	publisher = {Soil Survey of England and Wales},
	series = {Soil Survey Technical Monograph},
	number = {14},
	address = {Rothamstead Experimental Station, Harpenden, England},
	langid = {English}
}

@inbook{taylor1962,
	title = {Classification of {{New Zealand}} Soils},
	author = {Taylor, N. H. and Pohlen, I. J.},
	year = {1962},
	date = {1962},
	publisher = {New Zealand Department of Scientific and Industrial Research},
	pages = {15--45},
	number = {26(1)},
	doi = {10.7931/dl1-sbb-026-1},
	url = {https://doi.org/10.7931/dl1-sbb-026-1},
	note = {DOI: 10.7931/dl1-sbb-026-1},
	address = {Wellington, New Zealand},
	langid = {English}
}

@article{childs1990,
	title = {Thick iron oxide pans in soils of {{Taranaki}}, {{New Zealand}}},
	author = {Childs, C. W. and Palmer, R. W. P. and Ross, C. W.},
	year = {1990},
	date = {1990},
	journal = {Soil Research},
	pages = {245--257},
	volume = {28},
	number = {2},
	doi = {10.1071/SR9900245},
	url = {https://doi.org/10.1071/SR9900245},
	langid = {English}
}

@article{laffan1979,
	title = {A comment on the identification of the lithic contact ({{USDA Soil Taxonomy}}) in soils formed from greywacke in the {{Marlborough Sounds}}.},
	author = {Laffan, M. D.},
	year = {1979},
	month = {04},
	date = {1979-04},
	journal = {New Zealand Soil News},
	pages = {70--71},
	volume = {27},
	number = {2},
	doi = {10.7931/DL30-1979_VOL27_2_ORC},
	url = {https://doi.org/10.7931/DL30-1979_VOL27_2_ORC},
	langid = {English}
}

@techreport{clayden1989,
	title = {Horizon notation for {{New Zealand}} Soils},
	author = {Clayden, B. and Hewitt, A. E.},
	year = {1989},
	date = {1989},
	pages = {30},
	url = {https://landcareresearch.on.worldcat.org/oclc/154214630},
	address = {Lower Hutt, New Zealand},
	langid = {English}
}

@article{mcqueen1981,
	title = {A new method of aggregate stability measurement},
	author = {McQueen, David J.},
	year = {1981},
	month = {08},
	date = {1981-08},
	journal = {New Zealand Soil News},
	pages = {127--132},
	volume = {29},
	number = {4},
	doi = {10.7931/DL30-1981_VOL29_4_ORC},
	url = {https://doi.org/10.7931/DL30-1981_VOL29_4_ORC},
	langid = {English}
}

@article{fieldes1966,
	title = {The Nature of Allophane in Soils, Part 3 - Rapid field and laboratory test for allophane},
	author = {Fieldes, Morice and Perrott, K. W.},
	year = {1966},
	date = {1966},
	journal = {New Zealand Journal of Science},
	pages = {623--629},
	volume = {9},
	langid = {English}
}

@inproceedings{clayden1990,
  title = {The Nature, Occurrence, and Genesis of Placic Horizons},
	booktitle = {Fifth International Soil Correlation Meeting (ISCOM)},
	author = {Clayden, B. and Daly, B. K. and Lee, R. and Mew, G.},
	year = {1990},
	date = {1990},
	publisher = {USDA, Soil Conservation Service},
	pages = {88--104},
	address = {Lincoln, Nebraska, USA},
	langid = {English}
}

@article{childs1981,
	title = {Field tests for ferrous iron and ferric-organic complexes (on exchange sites or in water-soluble forms) in soils},
	author = {Childs, C. W.},
	year = {1981},
	date = {1981},
	journal = {Soil Research},
	pages = {175--180},
	volume = {19},
	number = {2},
	doi = {10.1071/SR9810175},
	url = {https://doi.org/10.1071/SR9810175},
	langid = {English}
}

@techreport{griffiths1991,
	title = {Assessing soil permeability class from soil morphology},
	author = {Griffiths, E.},
	year = {1991},
	date = {1991},
	pages = {48},
	url = {https://digitallibrary.landcareresearch.co.nz.landcareresearch.idm.oclc.org/digital/collection/p20022coll26/id/2/rec/23},
	note = {ISBN: 1170-6228},
	address = {Havelock North, New Zealand},
	langid = {English}
}

@article{froggatt1990,
	title = {A review of late {{Quaternary}} silicic and some other tephra formations from {{New Zealand}}: Their stratigraphy, nomenclature, distribution, volume, and age},
	author = {Froggatt, P. C. and Lowe, D. J.},
	year = {1990},
	month = {01},
	date = {1990-01-01},
	journal = {New Zealand Journal of Geology and Geophysics},
	pages = {89--109},
	volume = {33},
	number = {1},
	doi = {10.1080/00288306.1990.10427576},
	url = {https://doi.org/10.1080/00288306.1990.10427576},
	note = {Publisher: Taylor & Francis},
	langid = {English}
}

@techreport{parfitt1984,
	title = {A proposed classification of yellow-brown loams and yellow-brown pumice soils. I, The boundary with other soils at the highest category},
	author = {Parfitt, R. L.},
	year = {1984},
	date = {1984},
	pages = {20},
	type = {Soil Bureau Laboratory Report},
	number = {CM5},
	url = {https://doi.org/10.7931/DL1-LAB-CM05},
	institution = {{New Zealand Department of Scientific and Industrial Research}},
	address = {Lower Hutt, New Zealand},
	langid = {English}
}

@techreport{whitton1989,
	title = {The {{New Zealand}} experience in applying the {{Soil Taxonomy}} (1975) key to mineralogy classes, and, a proposed revision of the Key to mineralogy classes},
	author = {Whitton, J. S. and Childs, Cyril Walter},
	year = {1989},
	date = {1989},
	pages = {29},
	type = {DSIR Division of Land and Soil Sciences Technical Record},
	institution = {{New Zealand Department of Scientific and Industrial Research}},
	number = {LH1},
	url = {https://doi.org/10.7931/DL1-LAB-CM14},
	note = {NB only have 1987 manuscript in FT atm
DOI: 10.7931/DL1-LAB-CM14},
	address = {Lower Hutt, New Zealand},
	langid = {English}
}

@techreport{blakemore1987,
	title = {Methods for chemical analysis of soils},
	author = {Blakemore, L. C. and Searle, P. L. and Daly, B. K.},
	year = {1987},
	date = {1987},
	pages = {103},
	url = {https://doi.org/10.7931/DL1-SBSR-80},
	note = {Previous editions published as NZ Soil BUreau Scientific Report 10A
DOI: 10.7931/DL1-SBSR-80
ISSN: 0304-1735},
	address = {Lower Hutt, New Zealand},
	langid = {English}
}

@techreport{gradwell1979,
	title = {C. Methods for physical analysis of soils},
	author = {Gradwell, M. W. and Birrell, K. S.},
	year = {1979},
	date = {1979},
	pages = {66},
	doi = {10.7931/DL1-SBSR-10C},
	url = {https://doi.org/10.7931/DL1-SBSR-10C},
	note = {DOI: 10.7931/DL1-SBSR-10C},
	address = {Lower Hutt, New Zealand},
	langid = {English}
}

@book{mclaren1990,
	title = {Soil science: an introduction to the properties and management of {{New Zealand}} soils},
	author = {McLaren, R. G. and Cameron, K. C.},
	year = {1990},
	date = {1990},
	publisher = {Oxford University Press},
	url = {https://landcareresearch.on.worldcat.org/oclc/22444423},
	note = {OCLC: 681842258},
	address = {Auckland, New Zealand},
	langid = {English}
}

@techreport{hewitt1989,
	title = {{{New Zealand}} Soil Classification (v. 2.0)},
	author = {Hewitt, A. E.},
	year = {1989},
	date = {1989},
	pages = {93},
	address = {Dunedin, New Zealand},
	langid = {English}
}

@article{taylor1948,
	title = {Soil Map of {{New Zealand}}},
	author = {Taylor, N. H.},
	year = {1948},
	date = {1948},
	doi = {10.7931/hdbc-9662},
	url = {https://doi.org/10.7931/hdbc-9662},
	note = {DOI: 10.7931/hdbc-9662},
	address = {Wellington, New Zealand},
	langid = {English}
}

@techreport{taylor1957,
	title = {The Soil Pattern of {{New Zealand}}},
	author = {Taylor, N. H. and Cox, J. E.},
	year = {1957},
	date = {1957},
	pages = {18},
	address = {Wellington, New Zealand},
	langid = {English}
}

@article{leamy1983,
	title = {Soil Classification in the {{N. Z. Soil Bureau}}},
	author = {Leamy, M. L. and Clayden, B. and Hewitt, A. E.},
	year = {1983},
	month = {12},
	date = {1983-12},
	journal = {New Zealand Soil News},
	pages = {183--185},
	volume = {31},
	number = {6},
	doi = {10.7931/DL30-1983_VOL31_6_ORC},
	url = {https://doi.org/10.7931/DL30-1983_VOL31_6_ORC},
	langid = {English}
}

@article{hewitt1984,
	title = {The NZ Soil Classification Revision: {{Taylor's}} Patch Reworked},
	author = {Hewitt, A. E.},
	year = {1984},
	month = {12},
	date = {1984-12},
	journal = {New Zealand Soil News},
	pages = {220--229},
	volume = {32},
	number = {6},
	doi = {10.7931/DL30-1984_VOL32_6_ORC},
	url = {https://doi.org/10.7931/DL30-1984_VOL32_6_ORC},
	langid = {English}
}

@article{cline1949,
	title = {Basic Principles of Soil Classification},
	author = {Cline, Marlin G.},
	year = {1949},
	date = {1949},
	journal = {Soil Science},
	pages = {81--91},
	volume = {67},
	number = {2},
	doi = {10.1097/00010694-194902000-00002},
	url = {https://doi.org/10.1097/00010694-194902000-00002},
	langid = {English}
}

@phdthesis{hewitt1982,
	title = {Decisions in the Establishment of Soil Series},
	author = {Hewitt, A. E.},
	year = {1982},
	date = {1982},
	url = {https://landcareresearch.on.worldcat.org/oclc/1129896729},
	address = {Ithaca, New York, USA},
	langid = {English}
}

@article{johnson1963,
	title = {The Pedon and the Polypedon},
	author = {Johnson, William M.},
	year = {1963},
	month = {03},
	date = {1963-03-01},
	journal = {Soil Science Society of America Journal},
	pages = {212--215},
	volume = {27},
	number = {2},
	doi = {10.2136/sssaj1963.03615995002700020034x},
	url = {https://doi.org/10.2136/sssaj1963.03615995002700020034x},
	note = {Publisher: John Wiley & Sons, Ltd},
	langid = {English}
}

@book{milne1995,
	title = {Soil description handbook},
	author = {Milne, J. D. G. and Clayden, B. and Singleton, P. L. and Wilson, A. D.},
	year = {1995},
	date = {1995},
	publisher = {Manaaki Whenua Press},
	edition = {Revised},
	url = {https://doi-org.landcareresearch.idm.oclc.org/10.7931/DL1JG6},
	address = {Lincoln, Canterbury, New Zealand},
	langid = {English}
}

@article{pantone2017,
	title = {Munsell Soil Color Book},
	author = {Pantone, },
	year = {2017},
	date = {2017},
	url = {https://www.pantone.com/products/munsell/munsell-soil-color-book},
	note = {SKU: M50215B},
	langid = {English}
}

@book{soilcol1993,
	title = {Soil color},
	editor = {Bigham, J. M. and Ciolkosz, E. J.},
	year = {1993},
	month = {01},
	date = {1993-01-01},
	address = {Madison, Wisconsin, USA},
	publisher = {Soil Science Society of America},
	series = {SSSA Special Publication},
	number = {31},
	doi = {10.2136/sssaspecpub31},
	url = {https://doi.org/10.2136/sssaspecpub31},
	note = {DOI: 10.2136/sssaspecpub31},
	langid = {English}
}

@book{hewitt2021,
	title = {The Soils of {{Aotearoa}} {{New Zealand}}},
	author = {Hewitt, Allan E. and Balks, Megan R. and Lowe, David J.},
	year = {2021},
	date = {2021},
	publisher = {Springer Nature Switzerland},
	series = {World Soils Book Series},
	volume = {1},
	edition = {1},
	doi = {10.1007/978-3-030-64763-6},
	url = {https://doi.org/10.1007/978-3-030-64763-6},
	note = {DOI: 10.1007/978-3-030-64763-6},
	address = {Switzerland},
	langid = {English}
}

@book{hewitt1993,
	title = {Methods and rationale of the {{New Zealand}} soil classification},
	author = {Hewitt, A. E.},
	year = {1993},
	date = {1993},
	publisher = {Manaaki Whenua Press},
	series = {Landcare Research science series},
	number = {2},
	doi = {10.7931/DL1-LRSS-2},
	note = {DOI: 10.7931/DL1-LRSS-2},
	url = {https://doi.org/10.7931/DL1-LRSS-2},
	address = {Wellington, New Zealand},
	langid = {English}
}

@book{mcqueen1993,
	title = {Glossary of Soil Physical Terms},
	author = {McQueen, D. J.},
	year = {1993},
	date = {1993},
	publisher = {Manaaki Whenua - Landcare Research},
	doi = {10.7931/DL1H01},
	url = {https://doi.org/10.7931/DL1H01},
	note = {DOI: 10.7931/DL1H01
No ISBN},
	address = {Lincoln, Canterbury, New Zealand},
	langid = {English}
}

@inproceedings{childs1990a,
  title = {A Proposed Revision of the Key to Mineralogy Classes of {{Soil Taxonomy}} (1975).},
  booktitle = {Transactions 14th {{International Congress}} of {{Soil Science}}, {{Kyoto}}, {{Japan}}, {{August}} 1990, {{Volume VII}}.},
  eventtitle = {14th {{International Congress}} of {{Soil Science}}},
	author = {Childs, C. W. and Whitton, J. S.},
	year = {1990},
	month = {08},
	date = {1990-08},
	publisher = {IUSS},
	pages = {10--16},
	volume = {VII},
	url = {https://old.iuss.org/meetings-events/world-soil-congress/index.html},
	note = {Author Affiliation: Division of Land and Soil Science, DSIR, Lower Hutt, {{New Zealand}}.},
	address = {Kyoto, Japan},
	langid = {English}
}

@report{eden1992,
	title = {A standard method for determining volcanic glass content in {{Andisols}}},
	author = {Eden, D. N.},
	year = {1992},
	date = {1992},
	pages = {28},
	doi = {10.7931/DL1-DLRSR-2},
	location = {Palmerston North, New Zealand},
	institution = {DSIR Land Resources},
	type = {Scientific Report},
	isbn = {0-477-02635-4},
	number = {2},
	issn = {1170-5965},
	url = {https://doi.org/10.7931/DL1-DLRSR-2},
	address = {Palmerston North, New Zealand},
	langid = {English}
}

@book{hewitt2010,
	title = {New Zealand soil classification (v. 3.0)},
	author = {Hewitt, A. E.},
	year = {2010},
	date = {2010},
	publisher = {Manaaki Whenua Press},
	series = {Landcare Research science series},
	number = {1},
	edition = {3},
	doi = {10.7931/DL1-LRSS-1-2010},
	url = {https://doi.org10.7931/DL1-LRSS-1-2010},
	note = {DOI: 10.7931/DL1-LRSS-1-2010},
	address = {Wellington, New Zealand},
	langid = {English}
}

@book{hazelton2016,
	title = {Interpreting Soil Test Results: What do all the numbers mean?},
	author = {Hazelton, Pam and Murphy, Brian},
	year = {2016},
	date = {2016},
	publisher = {CSIRO Publishing},
	edition = {3},
	doi = {10.1071/9781486303977},
	url = {https://ebooks.publish.csiro.au/content/interpreting-soil-test-results},
	note = {DOI: 10.1071/9781486303977},
	address = {Clayton South, Vic, Australia},
	langid = {English}
}

@techreport{derm2011,
	title = {{{Salinity Management Handbook}}, Second Edition},
	author = {DERM, },
	year = {2011},
	date = {2011},
	pages = {188},
	url = {https://www.publications.qld.gov.au/dataset/salinity-management-handbook},
	note = {SALI Project Code GL{\_}SALT
ISBN: 072427412X},
	address = {Brisbane, Queensland},
	langid = {English}
}

@book{soilsurveystaff2022,
	title = {Keys to {{Soil Taxonomy}}},
	author = {Soil Survey Staff, },
	year = {2022},
	date = {2022},
	publisher = {National Resources Conservation Service, United States Department of Agriculture},
	edition = {13},
	url = {https://www.nrcs.usda.gov/wps/portal/nrcs/detail/soils/survey/class/taxonomy/?cid=nrcs142p2_053580},
	address = {USA},
	langid = {English}
}

@book{clayden2015,
	title = {Horizon notation for New Zealand soils},
	author = {Clayden, B. and Hewitt, Allan E.},
	year = {2015},
	date = {2015},
	publisher = {Manaaki Whenua Press},
	edition = {4},
	doi = {10.7931/DL1001},
	url = {https://doi.org/10.7931/DL1001},
	note = {DOI: 10.7931/DL1001},
	address = {Lincoln, New Zealand},
	langid = {English}
}

@book{obrien2025,
	title = {New Zealand Soil Description Handbook},
	author = {{O'Brien}, Lauren E. and Deuss, Kirstin and Eger, Andre and Milne, James Derek Gordon and Clayden, B. and Singleton, P. L. and Wilson, A. D. and Soil Description Working Group, },
	year = {2025},
	date = {2025},
	publisher = {Manaaki Whenua Landcare Research},
	edition = {3},
	address = {Palmerston North, New Zealand},
	langid = {English}
}

@inbook{palmer2025,
	title = {Pedostratigraphy},
	author = {Palmer, Alan S. and Lowe, David J. and Almond, Peter C.},
	editor = {Elias, Scott},
	year = {2025},
	month = {01},
	date = {2025-01-01},
	publisher = {Elsevier},
	pages = {749--769},
	volume = {5},
	edition = {3},
	doi = {10.1016/B978-0-323-99931-1.00265-8},
	url = {https://doi.org/10.1016/B978-0-323-99931-1.00265-8},
	note = {DOI: 10.1016/B978-0-323-99931-1.00265-8},
	address = {Oxford},
	langid = {English}
}

@techreport{churchman1986,
	title = {Towards understanding soil mineralogy. I, An introduction to clay minerals in soils},
	author = {Churchman, G. Jock},
	year = {1986},
	month = {03},
	date = {1986-03-06},
	pages = {28},
	doi = {10.7931/DL1-LAB-CM06},
	url = {https://doi.org/0.7931/DL1-LAB-CM06},
	note = {DOI:10.7931/DL1-LAB-CM06},
	address = {Lower Hutt, New Zealand},
	langid = {English}
}

@techreport{whitton1987,
	title = {Standard methods for mineral analysis of soil survey samples for characterisation and classification in NZ Soil Bureau},
	author = {Whitton, J. S. and Churchman, G. J.},
	year = {1987},
	date = {1987},
	pages = {27},
	address = {Lower Hutt, New Zealand}
}

@inbook{churchman2012,
	title = {Alteration, formation, and occurrence of minerals in soils},
	author = {Churchman, Jock G. and Lowe, David J.},
	editor = {Huang, Pan Ming and Li, Yuncong and Sumner, Malcolm E.},
	year = {2012},
	date = {2012},
	publisher = {CRC Press},
	pages = {72},
	volume = {1},
	edition = {2},
	doi = {10.1201/b16386},
	url = {https://doi.org/10.1201/b16386},
	note = {DOI: 10.1201/b16386
See parent record for full text},
	langid = {English}
}

@book{churchman2019,
	title = {Soil Clays: Linking Geology, Biology, Agriculture, and the Environment},
	author = {Churchman, G. Jock and Velde, Bruce},
	year = {2019},
	date = {2019},
	publisher = {CRC Press},
	edition = {1},
	doi = {10.1201/9780429154768},
	url = {https://doi.org/10.1201/9780429154768},
	note = {DOI: 10.1201/9780429154768},
	address = {Boca Raton, USA},
	langid = {English}
}

@article{allbrook1983,
	title = {Some Physical Properties of Allophane Soils from the North Island, New Zealand},
	author = {Allbrook, R. F.},
	year = {1983},
	date = {1983},
	journal = {New Zealand Journal of Science},
	pages = {481--492},
	volume = {26},
	number = {4},
	langid = {English}
}

@article{allbrook1985,
	title = {The effect of allophane on soil properties},
	author = {Allbrook, R. F.},
	year = {1985},
	month = {07},
	date = {1985-07-01},
	journal = {Applied Clay Science},
	pages = {65--69},
	volume = {1},
	number = {1},
	doi = {10.1016/0169-1317(85)90562-9},
	url = {https://doi.org/10.1016/0169-1317(85)90562-9},
	langid = {English}
}

@inbook{hewitt1998,
	title = {The New Zealand Soil Classification},
	author = {Hewitt, A. E.},
	editor = {Molloy, L.},
	year = {1998},
	date = {1998},
	publisher = {New Zealand Society of Soil Science},
	pages = {229--243},
	edition = {2},
	address = {Wellington},
	langid = {English}
}

@article{simonson1959,
	title = {Outline of a Generalized Theory of Soil Genesis},
	author = {Simonson, Roy W.},
	year = {1959},
	month = {03},
	date = {1959-03},
	journal = {Soil Science Society of America Journal},
	pages = {152--156},
	series = {Modern concepts of soil genesis - a symposium},
	volume = {23},
	number = {2},
	doi = {10.2136/sssaj1959.03615995002300020021x},
	url = {https://doi.org/10.2136/sssaj1959.03615995002300020021x},
	langid = {English}
}

@article{johnson1990,
	title = {Dynamic pedogenesis: New views on some key soil concepts, and a model for interpreting quaternary soils},
	author = {Johnson, D. L. and Keller, E. A. and Rockwell, T. K.},
	year = {1990},
	month = {05},
	date = {1990-05-01},
	journal = {Quaternary Research},
	pages = {306--319},
	volume = {33},
	number = {3},
	doi = {10.1016/0033-5894(90)90058-S},
	url = {https://doi.org/10.1016/0033-5894(90)90058-S},
	langid = {English}
}

@article{taylor1933,
	title = {Soil processes in volcanic ash-beds},
	author = {Taylor, N. H.},
	year = {1933},
	date = {1933},
	journal = {New Zealand Journal of Science and Technology},
	volume = {14},
	langid = {English}
}

@inbook{hartemink2020,
	title = {Soil horizon variation: A review},
	author = {Hartemink, A. E. and Zhang, Y. and Bockheim, J. G. and Curi, N. and Silva, S. H. G. and Grauer-Gray, J. and Lowe, D.J. and Krasilnikov, P.},
	year = {2020},
	date = {2020},
	publisher = {Elsevier},
	pages = {125--185},
	volume = {160},
	doi = {10.1016/bs.agron.2019.10.003},
	url = {https://doi.org/10.1016/bs.agron.2019.10.003},
	note = {DOI: 10.1016/bs.agron.2019.10.003
ISSN: 0065-2113},
	langid = {English}
}

@article{hewitt1987,
	title = {Perfume and Promise},
	author = {Hewitt, A. E.},
	year = {1987},
	month = {12},
	date = {1987-12},
	journal = {New Zealand Soil News},
	pages = {240--243},
	volume = {35},
	number = {6},
	doi = {10.7931/DL30-1987_VOL35_6_ORC},
	url = {https://doi.org/10.7931/DL30-1987_VOL35_6_ORC},
	langid = {English}
}

@article{hewitt1992,
	title = {Soil classification in New Zealand - Legacy and lessons},
	author = {Hewitt, Allan E.},
	year = {1992},
	date = {1992},
	journal = {Soil Research},
	pages = {843--854},
	volume = {30},
	number = {6},
	doi = {10.1071/SR9920843},
	url = {https://doi.org/10.1071/SR9920843},
	langid = {English}
}

@techreport{hewitt1987a,
	title = {New Zealand Soil Classification (v. 1.0)},
	author = {Hewitt, A. E.},
	year = {1987},
	date = {1987},
	pages = {72},
	doi = {10.7931/DL1-SRR-15},
	url = {https://doi.org.landcareresearch.idm.oclc.org/10.7931/DL1-SRR-15},
	note = {DOI: 10.7931/DL1-SRR-15
ISSN: 0112-7381},
	address = {Lower Hutt, New Zealand},
	langid = {English}
}

@book{hewitt1992a,
	title = {New Zealand soil classification (v. 3.0)},
	author = {Hewitt, Allan E.},
	year = {1992},
	date = {1992},
	publisher = {DSIR Land Resources},
	series = {DSIR Land Resources scientific report},
	number = {19},
	edition = {1},
	doi = {10.7931/DL1-LRSS-1-1993},
	url = {https://doi.org/10.7931/DL1-LRSS-1-1993},
	note = {DOI: 10.7931/DL1-LRSS-1-1993
ISSN: 1170-5965},
	address = {Lower Hutt, N.Z.},
	langid = {English}
}

@article{lowe1992,
	title = {Review of {\textquotedblleft}New Zealand Soil Classification{\textquotedblright}},
	author = {Lowe, David J.},
	year = {1992},
	date = {1992},
	journal = {New Zealand Soil News},
	pages = {201--206},
	volume = {40},
	number = {6},
	doi = {10.7931/DL30-1992_VOL40_6_ORC},
	url = {https://doi.org/10.7931/DL30-1992_VOL40_6_ORC},
	langid = {English}
}

@article{soilbureaustaff1948,
	title = {Soil Map of New Zealand},
	author = {Soil Bureau Staff, },
	year = {1948},
	date = {1948},
	doi = {10.7931/hdbc-9662},
	url = {https://doi.org/10.7931/hdbc-9662},
	note = {DOI: 10.7931/hdbc-9662},
	address = {Wellington, New Zealand},
	langid = {English}
}

@techreport{taylor1957a,
	title = {The Soil Pattern of New Zealand},
	author = {Taylor, N. H. and Cox, J. E.},
	year = {1957},
	date = {1957},
	pages = {18},
	address = {Wellington, New Zealand},
	langid = {English}
}

@article{taylor1962a,
	title = {Genetic Classification of New Zealand Soils (second draft)},
	author = {Taylor, N. H. and Pohlen, I. J.},
	year = {1962},
	month = {08},
	date = {1962-08},
	journal = {New Zealand Soil News},
	pages = {1--49},
	volume = {10},
	number = {1},
	doi = {10.7931/dl1-sbb-026-1},
	url = {https://doi.org/10.7931/dl1-sbb-026-1},
	langid = {English}
}

@inbook{taylor1968,
	title = {Classification of New Zealand Soils},
	author = {Taylor, N. H. and Pohlen, I. J.},
	editor = {Soil Bureau Staff, },
	year = {1968},
	date = {1968},
	publisher = {New Zealand Department of Scientific and Industrial Research},
	pages = {15--33},
	number = {26(1)},
	doi = {10.7931/dl1-sbb-026-1},
	url = {https://doi.org/10.7931/dl1-sbb-026-1},
	note = {DOI: 10.7931/dl1-sbb-026-1},
	address = {Wellington, New Zealand},
	langid = {English}
}

@article{leamy1983a,
	title = {Soil Classification in the N. Z. Soil Bureau},
	author = {Leamy, M. L. and Clayden, B. and Hewitt, A. E.},
	year = {1983},
	month = {12},
	date = {1983-12},
	journal = {New Zealand Soil News},
	pages = {183--185},
	volume = {31},
	number = {6},
	doi = {10.7931/DL30-1983_VOL31_6_ORC},
	url = {https://doi.org/10.7931/DL30-1983_VOL31_6_ORC},
	langid = {English}
}

@techreport{leamy1990,
	title = {International Committee on Andisols: Final Report},
	author = {Leamy, M. L. and Kinloch, D. I. and Parfitt, R. L.},
	year = {1990},
	date = {1990},
	pages = {170},
	address = {Washington D.C., USA},
	langid = {English}
}

@article{hewitt1992b,
	title = {Soil classification in New Zealand - Legacy and lessons},
	author = {Hewitt, Allan E.},
	year = {1992},
	date = {1992},
	journal = {Soil Research},
	pages = {843--854},
	volume = {30},
	number = {6},
	doi = {10.1071/SR9920843},
	url = {https://doi.org/10.1071/SR9920843},
	langid = {English}
}

@book{soilsurveystaff1999a,
	title = {Soil Taxonomy: A basic system of Soil Classification for Making and Interpreting Soil Surveys},
	author = {Soil Survey Staff, },
	year = {1999},
	date = {1999},
	publisher = {United States Department of Agriculture},
	series = {Agriculture Handbook},
	number = {436},
	edition = {2},
	url = {https://www.nrcs.usda.gov/resources/guides-and-instructions/soil-taxonomy},
	address = {Washington D.C., USA},
	langid = {English}
}

@book{soilsurveystaff2022a,
	title = {Keys to Soil Taxonomy},
	author = {Soil Survey Staff, },
	year = {2022},
	date = {2022},
	publisher = {National Resources Conservation Service, United States Department of Agriculture},
	edition = {13},
	url = {https://www.nrcs.usda.gov/sites/default/files/2022-09/Keys-to-Soil-Taxonomy.pdf},
	address = {USA},
	langid = {English}
}

@book{taylor1979,
	title = {Soil Survey Method. A New Zealand handbook for the field study of soils},
	author = {Taylor, N. H. and Pohlen, I. J.},
	year = {1979},
	date = {1979},
	publisher = {New Zealand Department of Scientific and Industrial Research},
	series = {Soil Bureau Bulletin},
	number = {25},
	edition = {3},
	address = {Wellington, New Zealand}
}

@article{webb2011,
	title = {Criteria for defining the soil family and soil sibling: the fourth and fifth categories of the New Zealand Soil Classification},
	author = {Webb, T. H. and Lilburne, L. R.},
	year = {2011},
	date = {2011},
	journal = {Landcare Research science series},
	pages = {39},
	volume = {3},
	doi = {https://www.doi.org/10.7931/DL1-LRSS-3-2011}
}

@book{iussworkinggroupwrb2022,
	title = {World Reference Base for Soil Resources: International soil classification system for naming soils and creating legends for soil maps},
	author = {IUSS Working Group WRB, },
	year = {2022},
	date = {2022},
	publisher = {International Union of Soil Scientists},
	edition = {4},
	url = {https://wrb.isric.org/},
	address = {Vienna, Austria},
	langid = {English}
}

@article{sattler2016,
	title = {Estimating Permafrost Distribution in the Maritime Southern Alps, New Zealand, Based on Climatic Conditions at Rock Glacier Sites},
	author = {Sattler, Katrin and Anderson, Brian and Mackintosh, Andrew and Norton, Kevin and {De Róiste}, {Mairéad}},
	year = {2016},
	month = {02},
	date = {2016-02-03},
	journal = {Frontiers in Earth Science},
	volume = {4},
	doi = {10.3389/feart.2016.00004},
	url = {https://doi.org/10.3389/feart.2016.00004},
	langid = {English}
}

@article{soons1990,
	title = {Periglacial phenomena in New Zealand},
	author = {Soons, J. M. and Price, L. W.},
	year = {1990},
	month = {04},
	date = {1990-04},
	journal = {Permafrost and Periglacial Processes},
	pages = {145--159},
	volume = {1},
	number = {2},
	doi = {10.1002/ppp.3430010206},
	url = {https://doi.org/10.1002/ppp.3430010206},
	langid = {English}
}

@article{puke2021,
	title = {Conception, construction and the cultural significance of Te Parapara Garden in Hamilton, Aotearoa New Zealand},
	author = {Puke, Wiremu T.},
	year = {2021},
	month = {12},
	date = {2021-12-01},
	journal = {Journal of New Zealand & Pacific Studies},
	pages = {179--198},
	series = {New Scholarship in New Zealand and Pacific Studies Part 2},
	volume = {9},
	number = {2},
	doi = {10.1386/nzps_00071_1},
	url = {https://doi.org/10.1386/nzps_00071_1},
	langid = {English}
}

@article{berkowitz2017,
	title = {Application of α,α'{-}dipyridyl dye for hydric soil identification},
	author = {Berkowitz, Jacob F. and VanZomeren, Christine M. and Currie, Steven J. and Vasilas, Lenore},
	year = {2017},
	month = {05},
	date = {2017-05},
	journal = {Soil Science Society of America Journal},
	pages = {654--658},
	volume = {81},
	number = {3},
	doi = {10.2136/sssaj2016.12.0431},
	url = {https://doi.org/10.2136/sssaj2016.12.0431},
	langid = {English}
}

@book{schoeneberger2012,
	title = {Field book for describing and sampling soils, Version 3},
	author = {Schoeneberger, P. J. and Wysocki, D. A. and Benham, E. C. and Soil Survey Staff, },
	year = {2012},
	date = {2012},
	publisher = {Natural Resources Conservation Service, National Soil Survey Center},
	address = {Lincoln, USA}
}

@article{craw2024,
	title = {Environmental evolution of cover deposits on chemically distinctive bare ground, New Zealand: review and temporal contexts},
	author = {Craw, D. and Rufaut, C.},
	year = {2024},
	date = {2024},
	journal = {New Zealand Journal of Geology and Geophysics},
	pages = {1120--1152},
	volume = {68},
	number = {5},
	doi = {10.1080/00288306.2024.2416160},
	url = {https://doi.org/10.1080/00288306.2024.2416160},
	langid = {English}
}

@techreport{sullivan2018,
	title = {National Acid Sulfate Soils guidance: National acid sulfate soils sampling and identification methods manual},
	author = {Sullivan, L. and Ward, N. and Toppler, N. and Lancaster, G.},
	year = {2018},
	month = {06},
	date = {2018-06},
	pages = {67},
	url = {https://www.waterquality.gov.au/sites/default/files/documents/sampling-identification-methods.pdf},
	address = {Canberra, ACT, Australia},
	langid = {English}
}

@book{rijkse1978,
	title = {Soil Groups of New Zealand Part 3 - Gley Soils},
	author = {Rijkse, W. C.},
	year = {1978},
	date = {1978},
	publisher = {New Zealand Society of Soil Science},
	series = {Soil Groups of New Zealand},
	number = {3},
	doi = {10.7931/DL1S3},
	url = {https://doi.org/10.7931/DL1S3},
	note = {DOI: 10.7931/DL1S3},
	address = {Wellington, New Zealand},
	langid = {English}
}

@article{lowe2017,
	title = {Correlating tephras and cryptotephras using glass compositional analyses and numerical and statistical methods: Review and evaluation},
	author = {Lowe, David J. and Pearce, Nicholas J. G. and Jorgensen, Murray A. and Kuehn, Stephen C. and Tryon, Christian A. and Hayward, Chris L.},
	year = {2017},
	month = {11},
	date = {2017-11-01},
	journal = {Quaternary Science Reviews},
	pages = {1--44},
	volume = {175},
	doi = {https://doi.org/10.1016/j.quascirev.2017.08.003}
}

@article{lowe2008,
	title = {Fingerprints and age models for widespread New Zealand tephra marker beds erupted since 30,000 years ago: a framework for NZ-INTIMATE},
	author = {Lowe, David J. and Shane, Phil A. R. and Alloway, Brent V. and Newnham, Rewi M.},
	year = {2008},
	month = {01},
	date = {2008-01-01},
	journal = {Quaternary Science Reviews},
	pages = {95--126},
	volume = {27},
	number = {1-2},
	doi = {10.1016/j.quascirev.2007.01.013},
	url = {https://doi.org/10.1016/j.quascirev.2007.01.013},
	langid = {English}
}

@article{lowe2013,
	title = {Ages of 24 widespread tephras erupted since 30,000 years ago in New Zealand, with re-evaluation of the timing and palaeoclimatic implications of the Lateglacial cool episode recorded at Kaipo bog},
	author = {Lowe, David J. and Blaauw, Maarten and Hogg, Alan G. and Newnham, Rewi M.},
	year = {2013},
	month = {08},
	date = {2013-08},
	journal = {Quaternary Science Reviews},
	pages = {170--194},
	volume = {74},
	doi = {10.1016/j.quascirev.2012.11.022},
	url = {https://doi.org/10.1016/j.quascirev.2012.11.022},
	langid = {English}
}

@article{hopkins2021,
	title = {Tephrochronology in Aotearoa New Zealand},
	author = {Hopkins, Jenni L. and Lowe, David J. and Horrocks, Joanna L.},
	year = {2021},
	month = {07},
	date = {2021-07-03},
	journal = {New Zealand Journal of Geology and Geophysics},
	pages = {153--200},
	volume = {64},
	number = {2-3},
	doi = {10.1080/00288306.2021.1908368},
	url = {https://doi.org/10.1080/00288306.2021.1908368},
	langid = {English}
}

@article{lowe2021,
	title = {The Taup{\={o}} eruption sequence of AD 232 ± 10 in Aotearoa New Zealand: a retrospection},
	author = {Lowe, David J. and Pittari, Adrian},
	year = {2021},
	date = {2021},
	journal = {Journal of Geography (Chigaku Zasshi)},
	pages = {117--141},
	series = {The 100s: Significant Exposures of the World (No. 12)},
	volume = {130},
	number = {1},
	doi = {10.5026/jgeography.130.117},
	url = {https://doi.org/10.5026/jgeography.130.117},
	langid = {English}
}

@article{holmgren1988,
	title = {The Point Representation of Soil},
	author = {Holmgren, George G. S.},
	year = {1988},
	date = {1988},
	journal = {Soil Science Society of America Journal},
	pages = {712--716},
	volume = {52},
	number = {3},
	doi = {https://doi.org/10.2136/sssaj1988.03615995005200030022x}
}

@book{soilsurveystaff1975,
	title = {Soil Taxonomy: A basic system of Soil Classification for Making and Interpreting Soil Surveys},
	author = {Soil Survey Staff, },
	year = {1975},
	date = {1975},
	publisher = {United States Department of Agriculture},
	series = {Agriculture Handbook},
	number = {436},
	edition = {1},
	address = {Washington D.C., USA}
}
